@misc{geoip,
	title ={{GeoIP} Maxmind},
	howpublished = {\url{https://dev.maxmind.com/geoip/}},
	note = {Acessado: junho/2015}
}

@misc{d3js,
	title = {{D3js}}, 
	howpublished = {\url{http://d3js.org/}},
	note = {Acessado: junho/2015}
}

@misc{django,
	title = {{Django}}, 
	howpublished = {\url{https://www.djangoproject.com/}},
	note = {Acessado: junho/2015}
}

@misc{honeynet,
	title = {{Honeynet}}, 
	howpublished = {\url{http://map.honeynet.org/}},
	note = {Acessado: junho/2015}
}

@misc{ipviking,
	title = {{Norse}}, 
	howpublished = {\url{http://map.norsecorp.com/}},
	note = {Acessado: junho/2015}
}

@misc{dioneaefr,
	title = {{DionaeaFR}}, 
	howpublished = {\url{https://rubenespadas.github.io/DionaeaFR/}},
	note = {Acessado: junho/2015}
}

@misc{jquery,
	title = {{jQuery}}, 
	howpublished = {\url{https://jquery.com/}},
	note = {Acessado: junho/2015}
}

@misc{jvectormap,
	title = {{jVectorMap}}, 
	howpublished = {\url{http://jvectormap.com/}},
	note = {Acessado: junho/2015}
}

@misc{vitualbox,
	title = {{VirtualBox}}, 
	howpublished = {\url{https://www.virtualbox.org/}},
	note = {Acessado: junho/2015}
}

@misc{certhoney,
	title = {{CERT.br} Distributed Honeypots Project.},
	howpublished = {\url{http://honeytarg.cert.br/honeypots/}},
	note = {Acessado: outubro/2013}
}
