@book{smallest_example2013,
	title = {The {C}ontinuum {H}ypothesis},
	author = {George Cantor},
	year = {1878},
	edition = {1st},
	publisher = {The Mathematics}
}
